<record><leader>00000cas a22000007a 4500</leader><controlfield tag="001">21666936</controlfield><controlfield tag="008">900601d18941946nhuwr ne      0    0eng d</controlfield><datafield ind1=" " ind2=" " tag="010"><subfield code="a">sn 90062073 </subfield></datafield><datafield ind1=" " ind2=" " tag="040"><subfield code="a">NVH</subfield><subfield code="b">eng</subfield><subfield code="c">NVH</subfield><subfield code="d">OCLCQ</subfield></datafield><datafield ind1=" " ind2=" " tag="042"><subfield code="a">msc</subfield></datafield><datafield ind1="0" ind2=" " tag="130"><subfield code="a">Enfield advocate (Enfield, N.H. : 1894)</subfield></datafield><datafield ind1="1" ind2="4" tag="245"><subfield code="a">The Enfield advocate.</subfield></datafield><datafield ind1=" " ind2=" " tag="260"><subfield code="a">Enfield, N.H. :</subfield><subfield code="b">W.A. Abbott</subfield></datafield><datafield ind1=" " ind2=" " tag="300"><subfield code="a">v.</subfield></datafield><datafield ind1=" " ind2=" " tag="310"><subfield code="a">Weekly</subfield></datafield><datafield ind1="0" ind2=" " tag="362"><subfield code="a">Vol. 1, no. 1 (Apr. 27, 1894)-v. 53, no. 15 (Aug. 30, 1946).</subfield></datafield><datafield ind1=" " ind2=" " tag="500"><subfield code="a">Published in Canaan, N.H., July 4-Aug. 30, 1946.</subfield></datafield><datafield ind1=" " ind2=" " tag="752"><subfield code="a">United States</subfield><subfield code="b">New Hampshire</subfield><subfield code="c">Grafton</subfield><subfield code="d">Canaan.</subfield></datafield><datafield ind1=" " ind2=" " tag="752"><subfield code="a">United States</subfield><subfield code="b">New Hampshire</subfield><subfield code="c">Grafton</subfield><subfield code="d">Enfield.</subfield></datafield><datafield ind1="0" ind2="7" tag="785"><subfield code="t">Canaan reporter (Canaan, N.H. : 1867)</subfield><subfield code="w">(DLC)sn 84023694</subfield></datafield><datafield ind1="0" ind2="7" tag="785"><subfield code="t">Canaan reporter and Enfield advocate (Canaan, N.H. : 1946)</subfield><subfield code="w">(DLC)sn 90062043</subfield></datafield></record>